@article{Georgievski2014,
archivePrefix = {arXiv},
arxivId = {arXiv:1403.7426v1},
author = {Georgievski, Ilche and Aiello, Marco and Group, Distributed Systems and Science, Computer},
eprint = {arXiv:1403.7426v1},
file = {:home/angela/Downloads/1403.7426.pdf:pdf},
keywords = {ai planning,hierarchical task networks,web service composition},
pages = {1--45},
title = {{An Overview of Hierarchical Task Network Planning}},
year = {2014}
}
