/home/max/Documents/bibtex/library.bib