@article{Nau2003,
author = {Nau, Dana and Murdock, J William and Wu, Dan},
file = {:home/angela/Documents/MAS/3{\_}Semester/PS/shop2{\_}.pdf:pdf},
pages = {379--404},
title = {{SHOP2 : An HTN Planning System}},
volume = {20},
year = {2003}
}

@article{Nau2001,
author = {Nau, Dana and Park, College and Park, College},
file = {:home/angela/Documents/MAS/3{\_}Semester/PS/shop2.pdf:pdf},
number = {August},
pages = {1--6},
title = {{Total-Order Planning with Partially Ordered Subtasks}},
year = {2001}
}


@online{slides,
  author = {Gerhard K. Kraetzschmar, Iman Awaad},
  title = {{Planning and Scheduling: Hierarchical Task Network Planning. Slides H-BRS}},
  url = {https://lea.hochschule-bonn-rhein-sieg.de/goto.php?target=file_507912_download&client_id=db_040811},
  urldate = {2019-01-05}
}

@article{Ilghami2006,
author = {Ilghami, Okhtay},
file = {:home/angela/Documents/MAS/3{\_}Semester/PS/jshop2/JSHOP2.pdf:pdf},
title = {{Documentation for JSHOP2}},
year = {2006}
}
